<?xml version="1.0" encoding="UTF-8"?><collection xmlns="http://www.loc.gov/MARC21/slim"><record><leader>00377nam--2200121-i-4500</leader><controlfield tag="001">000026504</controlfield><controlfield tag="002">20161230</controlfield><controlfield tag="005">20161230201036</controlfield><controlfield tag="008">060222s1000------------r-----000-0-eng-d</controlfield><datafield ind1=" " ind2=" " tag="245"><subfield code="a">International union of cristallography. bibliography 2: low-temperature x-ray diffraction</subfield></datafield><datafield ind1=" " ind2=" " tag="260"><subfield code="a">London, International Union Of Cristallography, 1964-1967</subfield></datafield><datafield ind1=" " ind2=" " tag="700"><subfield code="a">Post Ben</subfield></datafield><datafield ind1=" " ind2=" " tag="852"><subfield code="a">D.1141</subfield></datafield></record></collection>